@misc{referenciarobles1,
		author = {User It},
		title = {Agile and DevOps},
		year = {ne},
		howpublished = {Recuperado de  { http://cort.as/-P7I7}},
		note = {Accedido 18-08-2019}
	}
%%LIBROS **********************************************************************************************************

@book{Walls2013,
	author = {Walls, M.},
	title = {Building a DevOps Culture},
	year = {2013},
	publisher = {Sebastopol: O’Reilly},
}

%%TESIS **********************************************************************************************************

@mastersthesis{Perez2018,
	author = {Pérez, L.},
	title = {DevOps: IT Development in the Era of Digitalization },
	year = {2018},
	address  = {Universidad de Valladolid, España},
	howpublished = {Recuperado de  {https://n9.cl/ar2v}},
	note = {Accedido el 29-08-2019}
}

%%PAGINAS WEB ******************************************************************************************************
@misc{Gartner,
	author = {Gartner},
	title = {IT Glossary},
	year = {ne},
	howpublished = {Recuperado de  {https://www.gartner.com/it-glossary/devops}},
	note = {Accedido el 28-08-2019}
}




